@Article{igraph,
    title = {The igraph software package for complex network research},
    author = {Gabor Csardi and Tamas Nepusz},
    journal = {InterJournal},
    volume = {Complex Systems},
    pages = {1695},
    year = {2006},
    url = {http://igraph.org},
  }
  
  
@Manual{sna,
    title = {sna: Tools for Social Network Analysis},
    author = {Carter T. Butts},
    year = {2014},
    note = {R package version 2.3-2},
    url = {http://CRAN.R-project.org/package=sna},
  }  
  
  
@Manual{network,
    title = {network: Classes for Relational Data},
    author = {Carter T. Butts and Mark S. Handcock and David R. Hunter},
    year = {2014},
    address = {Irvine, CA},
    url = {http://statnet.org/},
    note = {R package version 1.10.2},
  }  
  
@article{network.jss,
    title = {{network: a Package for Managing Relational Data in R.}},
    author = {Carter T. Butts},
    year = {2008},
    journal = {Journal of Statistical Software},
    volume=24,
    number=2
  }    
  
@Manual{ggally,
    title = {{GG}ally: Extension to ggplot2.},
    author = {Barret Schloerke and Jason Crowley and Di Cook and Heike Hofmann and Hadley Wickham and Francois Briatte and Moritz Marbach and Edwin Thoen},
    year = {2014},
    note = {R package version 0.4.7},
    url = {http://CRAN.R-project.org/package=GGally},
  }  

@Book{ggplot,
    author = {Hadley Wickham},
    title = {ggplot2: elegant graphics for data analysis},
    publisher = {Springer New York},
    year = {2009},
    isbn = {978-0-387-98140-6},
    url = {http://had.co.nz/ggplot2/book},
  }

@Article{kamadakawai,
    author  = "Tomihisa Kamada and Satoru Kawai",
    title   = "An Algorithm for Drawing General Undirected Graphs",
    journal = "Information Processing Letters",
    year    = "1989",
    volume  = "31",
    number  = "1",
    pages   = "7-15",
    month   = "apr"
}